@techreport{gp2020systemarchitecture,
  title = {TEE System Architecture v1.3},
  institution = {GlobalPlatform},
  author = {GlobalPlatform Technical Committee},
  howpublished = {\url{https://globalplatform.org/specs-library/tee-system-architecture/}},
  year = {2022}
}

@techreport{gp2020internalapi,
  title = {{TEE} Internal Core API Specification v1.3.1},
  institution = {GlobalPlatform},
  author = {GlobalPlatform Technical Committee},
  howpublished = {\url{https://globalplatform.org/specs-library/tee-internal-core-api-specification/}},
  year = {2021}
}

@techreport{gp2020clientapi,
  title = {{TEE} Client {API} Specification v1.0},
  institution = {GlobalPlatform},
  author = {GlobalPlatform Technical Committee},
  howpublished = {\url{https://globalplatform.org/specs-library/tee-client-api-specification/}},
  year = {2010}
}

@techreport{gp2020protectionprofile,
	title = {TEE Protection Profile v1.3},
	institution = {GlobalPlatform},
	author = {GlobalPlatform Technical Committee},
	howpublished = {\url{https://globalplatform.org/specs-library/tee-protection-profile/}},
	year = {2020}
}